@string{june = {June}}

@article{1995A&A...293..889P,
 adsnote = {Provided by the SAO/NASA Astrophysics Data System},
 adsurl = {https://ui.adsabs.harvard.edu/abs/1995A&A...293..889P},
 author = {{Predehl}, P. and {Schmitt}, J.~H.~M.~M.},
 journal = {\aap},
 keywords = {INTERSTELLAR MEDIUM: DUST, ISM: CAS A, X-RAYS: ISM},
 month = {January},
 pages = {459-475},
 title = {{X-raying the interstellar medium: ROSAT observations of dust scattering halos.}},
 volume = {500},
 year = {1995}
}

@article{2003ApJ...582.1032J,
 adsnote = {Provided by the SAO/NASA Astrophysics Data System},
 adsurl = {https://ui.adsabs.harvard.edu/abs/2003ApJ...582.1032J},
 archiveprefix = {arXiv},
 author = {{Jura}, M.},
 doi = {10.1086/344704},
 eprint = {astro-ph/0209272},
 journal = {\apj},
 keywords = {Stars: Circumstellar Matter, Stars: Mass Loss, Astrophysics},
 month = {January},
 number = {2},
 pages = {1032-1035},
 primaryclass = {astro-ph},
 title = {{A Flared, Orbiting, Dusty Disk around HD 233517}},
 volume = {582},
 year = {2003}
}

@inproceedings{2003ASPC..293...76W,
 adsnote = {Provided by the SAO/NASA Astrophysics Data System},
 adsurl = {https://ui.adsabs.harvard.edu/abs/2003ASPC..293...76W},
 archiveprefix = {arXiv},
 author = {{Webbink}, R.~F.},
 booktitle = {3D Stellar Evolution},
 editor = {{Turcotte}, Sylvain and {Keller}, Stefan C. and {Cavallo}, Robert M.},
 eprint = {astro-ph/0304420},
 keywords = {Astrophysics},
 month = {January},
 pages = {76},
 primaryclass = {astro-ph},
 series = {Astronomical Society of the Pacific Conference Series},
 title = {{Contact Binaries}},
 volume = {293},
 year = {2003}
}

@article{2009ApJ...696.1964M,
 adsnote = {Provided by the SAO/NASA Astrophysics Data System},
 adsurl = {https://ui.adsabs.harvard.edu/abs/2009ApJ...696.1964M},
 archiveprefix = {arXiv},
 author = {{Melis}, C. and {Zuckerman}, B. and {Song}, Inseok and {Rhee}, Joseph H. and {Metchev}, Stanimir},
 doi = {10.1088/0004-637X/696/2/1964},
 eprint = {0901.4360},
 journal = {\apj},
 keywords = {binaries: close, circumstellar matter, infrared: stars, stars: evolution, stars: individual: TYC 4144 329 1 TYC 4144 329 2, Astrophysics - Solar and Stellar Astrophysics},
 month = {May},
 number = {2},
 pages = {1964-1971},
 primaryclass = {astro-ph.SR},
 title = {{A Substantial Dust Disk Surrounding an Actively Accreting First-Ascent Giant Star}},
 volume = {696},
 year = {2009}
}

@article{2010ApJ...719L..65K,
 adsnote = {Provided by the SAO/NASA Astrophysics Data System},
 adsurl = {https://ui.adsabs.harvard.edu/abs/2010ApJ...719L..65K},
 archiveprefix = {arXiv},
 author = {{Kastner}, Joel H. and {Montez}, Rodolfo, Jr. and {Rodriguez}, David and {Grosso}, Nicolas and {Zuckerman}, B. and {Perrin}, Marshall D. and {Forveille}, Thierry and {Graham}, James R.},
 doi = {10.1088/2041-8205/719/1/L65},
 eprint = {1007.3981},
 journal = {\apjl},
 keywords = {circumstellar matter, stars: individual: BP Psc, stars: late-type, X-rays: stars, Astrophysics - Solar and Stellar Astrophysics},
 month = {August},
 number = {1},
 pages = {L65-L68},
 primaryclass = {astro-ph.SR},
 title = {{Chandra X-ray Detection of the Enigmatic Field Star BP Psc}},
 volume = {719},
 year = {2010}
}

@article{2016ApJS..223....5A,
 adsnote = {Provided by the SAO/NASA Astrophysics Data System},
 adsurl = {https://ui.adsabs.harvard.edu/abs/2016ApJS..223....5A},
 archiveprefix = {arXiv},
 author = {{Ayres}, Thomas R. and {Kashyap}, V. and {Saar}, S. and {Huenemoerder}, D. and {Korhonen}, H. and {Drake}, J.~J. and {Testa}, P. and {Cohen}, O. and {Garraffo}, C. and {Granzer}, T. and {Strassmeier}, K.},
 doi = {10.3847/0067-0049/223/1/5},
 eid = {5},
 eprint = {1601.03305},
 journal = {\apjs},
 keywords = {stars: coronae, stars: individual: HD 117555 \& FK Com, ultraviolet: stars, X-rays: stars, Astrophysics - Solar and Stellar Astrophysics},
 month = {March},
 number = {1},
 pages = {5},
 primaryclass = {astro-ph.SR},
 title = {{FK Comae Berenices, King of Spin: The COCOA-PUFS Project}},
 volume = {223},
 year = {2016}
}

@article{2020Natur.587..387H,
 adsnote = {Provided by the SAO/NASA Astrophysics Data System},
 adsurl = {https://ui.adsabs.harvard.edu/abs/2020Natur.587..387H},
 archiveprefix = {arXiv},
 author = {{Hoadley}, Keri and {Martin}, D. Christopher and {Metzger}, Brian D. and {Seibert}, Mark and {McWilliam}, Andrew and {Shen}, Ken J. and {Neill}, James D. and {Stefansson}, Gudmundur and {Monson}, Andrew and {Schaefer}, Bradley E.},
 doi = {10.1038/s41586-020-2893-5},
 eprint = {2011.09589},
 journal = {\nat},
 keywords = {Astrophysics - Solar and Stellar Astrophysics, Astrophysics - Astrophysics of Galaxies},
 month = {November},
 number = {7834},
 pages = {387-391},
 primaryclass = {astro-ph.SR},
 title = {{A blue ring nebula from a stellar merger several thousand years ago}},
 volume = {587},
 year = {2020}
}

@article{2020RNAAS...4..238M,
 adsnote = {Provided by the SAO/NASA Astrophysics Data System},
 adsurl = {https://ui.adsabs.harvard.edu/abs/2020RNAAS...4..238M},
 author = {{Melis}, Carl},
 doi = {10.3847/2515-5172/abd32a},
 eid = {238},
 journal = {Research Notes of the American Astronomical Society},
 keywords = {Circumstellar matter, Stellar evolution, 241, 1599},
 month = {December},
 number = {12},
 pages = {238},
 title = {{Rise of the Phoenix Giants: A Rich History of Dusty Post-merger Stellar Remnants}},
 volume = {4},
 year = {2020}
}

@article{2022arXiv220205424G,
 adsnote = {Provided by the SAO/NASA Astrophysics Data System},
 adsurl = {https://ui.adsabs.harvard.edu/abs/2022arXiv220205424G},
 archiveprefix = {arXiv},
 author = {{G{\"u}nther}, Hans Moritz and {Hoadley}, Keri and {G{\"u}nther}, Maximilian N. and {Metzger}, Brian D. and {Schneider}, P.~C. and {Shen}, Ken J.},
 eid = {arXiv:2202.05424},
 eprint = {2202.05424},
 journal = {arXiv e-prints},
 keywords = {Astrophysics - Solar and Stellar Astrophysics, Astrophysics - High Energy Astrophysical Phenomena},
 month = {February},
 pages = {arXiv:2202.05424},
 primaryclass = {astro-ph.SR},
 title = {{X-ray emission from candidate stellar merger remnant TYC 2597-735-1 and its Blue Ring Nebula}},
 year = {2022}
}

@article{Raghavan+2010,
 adsnote = {Provided by the SAO/NASA Astrophysics Data System},
 adsurl = {https://ui.adsabs.harvard.edu/abs/2010ApJS..190....1R},
 archiveprefix = {arXiv},
 author = {{Raghavan}, Deepak and {McAlister}, Harold A. and {Henry}, Todd J. and {Latham}, David W. and {Marcy}, Geoffrey W. and {Mason}, Brian D. and {Gies}, Douglas R. and {White}, Russel J. and {ten Brummelaar}, Theo A.},
 doi = {10.1088/0067-0049/190/1/1},
 eprint = {1007.0414},
 journal = {\apjs},
 keywords = {binaries: general, planetary systems, stars: solar-type, stars: statistics, surveys, Astrophysics - Solar and Stellar Astrophysics},
 month = {September},
 number = {1},
 pages = {1-42},
 primaryclass = {astro-ph.SR},
 title = {{A Survey of Stellar Families: Multiplicity of Solar-type Stars}},
 volume = {190},
 year = {2010}
}

@article{Schneider+2016,
 adsnote = {Provided by the SAO/NASA Astrophysics Data System},
 adsurl = {https://ui.adsabs.harvard.edu/abs/2016MNRAS.457.2355S},
 archiveprefix = {arXiv},
 author = {{Schneider}, F.~R.~N. and {Podsiadlowski}, Ph. and {Langer}, N. and {Castro}, N. and {Fossati}, L.},
 doi = {10.1093/mnras/stw148},
 eprint = {1601.05084},
 journal = {\mnras},
 keywords = {binaries: general, blue stragglers, stars: general, stars: individual: {\ensuremath{\tau}} Sco, stars: individual: HR 2949, Astrophysics - Solar and Stellar Astrophysics},
 month = {April},
 number = {3},
 pages = {2355-2365},
 primaryclass = {astro-ph.SR},
 title = {{Rejuvenation of stellar mergers and the origin of magnetic fields in massive stars}},
 volume = {457},
 year = {2016}
}

@inproceedings{Soker&Tylenda2007,
 adsnote = {Provided by the SAO/NASA Astrophysics Data System},
 adsurl = {https://ui.adsabs.harvard.edu/abs/2007ASPC..363..280S},
 archiveprefix = {arXiv},
 author = {{Soker}, N. and {Tylenda}, R.},
 booktitle = {The Nature of V838 Mon and its Light Echo},
 editor = {{Corradi}, Romano L.~M. and {Munari}, Ulisse},
 eprint = {astro-ph/0606371},
 keywords = {Astrophysics},
 month = {April},
 pages = {280},
 primaryclass = {astro-ph},
 series = {Astronomical Society of the Pacific Conference Series},
 title = {{Modelling V838 Monocerotis as a Mergeburst Object}},
 volume = {363},
 year = {2007}
}

@article{Zuckerman_2008,
 adsnote = {Provided by the SAO/NASA Astrophysics Data System},
 adsurl = {https://ui.adsabs.harvard.edu/abs/2008ApJ...683.1085Z},
 archiveprefix = {arXiv},
 author = {{Zuckerman}, B. and {Melis}, C. and {Song}, Inseok and {Meier}, David S. and {Perrin}, Marshall D. and {Macintosh}, Bruce and {Marois}, Christian and {Weinberger}, Alycia J. and {Rhee}, Joseph H. and {Graham}, James R. and {Kastner}, Joel H. and {Palmer}, Patrick and {Forveille}, T. and {Becklin}, E.~E. and {Wilner}, D.~J. and {Barman}, T.~S. and {Marcy}, G.~W. and {Bessell}, M.~S.},
 doi = {10.1086/587448},
 eprint = {0802.0226},
 journal = {\apj},
 keywords = {planetary systems: protoplanetary disks, stars: general, Astrophysics},
 month = {August},
 number = {2},
 pages = {1085-1103},
 primaryclass = {astro-ph},
 title = {{Gas and Dust Associated with the Strange, Isolated Star BP Piscium}},
 volume = {683},
 year = {2008}
}

